%% This BibTeX bibliography file was created using BibDesk.
%% http://bibdesk.sourceforge.net/

%% Created for Yusuke FURUSE at 2015-11-23 10:40:11 +0900 


%% Saved with string encoding Unicode (UTF-8) 



@book{knuth1986texbook,
	Author = {Knuth, Donald Ervin and Bibby, Duane},
	Date-Added = {2015-11-23 01:38:03 +0000},
	Date-Modified = {2015-11-23 01:39:39 +0000},
	Publisher = {Addison-Wesley Reading, MA, USA},
	Title = {The texbook},
	Volume = {1993},
	Year = {1986}}
